<?xml version="1.0" encoding="UTF-8"?>
<record xmlns="http://www.loc.gov/MARC21/slim" xmlns:xsi="http://www.w3.org/2001/XMLSchema-instance" xsi:schemaLocation="http://www.loc.gov/MARC21/slim http://www.loc.gov/standards/marcxml/schema/MARC21slim.xsd">
<leader>00000cam a22      i 4500</leader>
<controlfield tag="001">002775914</controlfield>
<controlfield tag="003">NNU</controlfield>
<controlfield tag="005">20151106170829.0</controlfield>
<controlfield tag="008">940428s1954    le            000 1 arar</controlfield>
<datafield tag="010" ind1=" " ind2=" ">
<subfield code="a">ne 64002412</subfield>
</datafield>
<datafield tag="035" ind1=" " ind2=" ">
<subfield code="a">(OCoLC)30345918</subfield>
</datafield>
<datafield tag="040" ind1=" " ind2=" ">
<subfield code="a">DLC</subfield>
<subfield code="b">eng</subfield>
<subfield code="c">CUY</subfield>
<subfield code="d">OCLCQ</subfield>
<subfield code="d">OCLCG</subfield>
<subfield code="d">ZAP</subfield>
<subfield code="d">OCLCA</subfield>
<subfield code="d">OCLCF</subfield>
<subfield code="d">OCLCO</subfield>
<subfield code="d">OCLCQ</subfield>
<subfield code="d">NNU</subfield>
</datafield>
<datafield tag="050" ind1=" " ind2="4">
<subfield code="a">PJ7842.A68</subfield>
<subfield code="b">A64 1954</subfield>
</datafield>
<datafield tag="100" ind1="1" ind2=" ">
<subfield code="6">880-01</subfield>
<subfield code="a">Karam, Karam Mulḥim,</subfield>
<subfield code="d">1903-</subfield>
</datafield>
<datafield tag="245" ind1="1" ind2="0">
<subfield code="6">880-02</subfield>
<subfield code="a">Abū Jaʻfar al-Manṣūr :</subfield>
<subfield code="b">qiṣṣah wa-tārīkh /</subfield>
<subfield code="c">Karam Milḥim Karam.</subfield>
</datafield>
<datafield tag="260" ind1=" " ind2=" ">
<subfield code="6">880-03</subfield>
<subfield code="a">Bayrūt :</subfield>
<subfield code="b">Manshūrāt al-Jabal al-Akhḍar,</subfield>
<subfield code="c">[1954]</subfield>
</datafield>
<datafield tag="300" ind1=" " ind2=" ">
<subfield code="a">353 pages ;</subfield>
<subfield code="c">22 cm</subfield>
</datafield>
<datafield tag="336" ind1=" " ind2=" ">
<subfield code="a">text</subfield>
<subfield code="b">txt</subfield>
<subfield code="2">rdacontent</subfield>
</datafield>
<datafield tag="337" ind1=" " ind2=" ">
<subfield code="a">unmediated</subfield>
<subfield code="b">n</subfield>
<subfield code="2">rdamedia</subfield>
</datafield>
<datafield tag="338" ind1=" " ind2=" ">
<subfield code="a">volume</subfield>
<subfield code="b">nc</subfield>
<subfield code="2">rdacarrier</subfield>
</datafield>
<datafield tag="600" ind1="1" ind2="0">
<subfield code="6">880-04</subfield>
<subfield code="a">Manṣūr, Abū Jaʻfar,</subfield>
<subfield code="c">Caliph,</subfield>
<subfield code="d">approximately 712-775</subfield>
<subfield code="v">Fiction.</subfield>
</datafield>
<datafield tag="600" ind1="1" ind2="7">
<subfield code="a">Manṣūr, Abū Jaʻfar,</subfield>
<subfield code="c">Caliph,</subfield>
<subfield code="d">approximately 712-775</subfield>
<subfield code="2">fast</subfield>
<subfield code="0">(OCoLC)fst01832756</subfield>
</datafield>
<datafield tag="655" ind1=" " ind2="7">
<subfield code="a">Fiction.</subfield>
<subfield code="2">fast</subfield>
<subfield code="0">(OCoLC)fst01423787</subfield>
</datafield>
<datafield tag="776" ind1="0" ind2="8">
<subfield code="i">Online version:</subfield>
<subfield code="a">Karam, Karam Milḥim, 1903-</subfield>
<subfield code="t">Abū Jaʻfar al-Manṣūr.</subfield>
<subfield code="d">Bayrūt : Manshūrāt al-Jabal al-Akhḍar, [1954]</subfield>
<subfield code="w">(OCoLC)651559059</subfield>
</datafield>
<datafield tag="880" ind1="1" ind2=" ">
<subfield code="6">100-01/</subfield>
<subfield code="a">كرم، كرم ملحم،</subfield>
<subfield code="d">1903-</subfield>
</datafield>
<datafield tag="880" ind1="1" ind2="0">
<subfield code="6">245-02/</subfield>
<subfield code="a">ابو جعفر المنصور ؛</subfield>
<subfield code="b">قصة وتاريخ /</subfield>
<subfield code="c">[تاليف] كرم ملحم كرم.</subfield>
</datafield>
<datafield tag="880" ind1=" " ind2=" ">
<subfield code="6">260-03/</subfield>
<subfield code="a">بيروت :</subfield>
<subfield code="b">منشورات الجبل الاخضر،</subfield>
<subfield code="c">[1954]</subfield>
</datafield>
<datafield tag="880" ind1="1" ind2="4">
<subfield code="6">600-04/</subfield>
<subfield code="a">منصور، ابو جعفر،</subfield>
<subfield code="c">Caliph,</subfield>
<subfield code="d">approximately 712-775</subfield>
<subfield code="v">Fiction.</subfield>
</datafield>
<datafield tag="OWN" ind1=" " ind2=" ">
<subfield code="a">GENERAL</subfield>
</datafield>
<datafield tag="AVA" ind1=" " ind2=" ">
<subfield code="a">NYU50</subfield>
<subfield code="b">BOBST</subfield>
<subfield code="c">Main Collection</subfield>
<subfield code="d">DS238.M35 K362 1954</subfield>
<subfield code="e">unavailable</subfield>
<subfield code="t">Unavailable</subfield>
<subfield code="f">1</subfield>
<subfield code="g">1</subfield>
<subfield code="h">N</subfield>
<subfield code="i">0</subfield>
<subfield code="j">MAIN</subfield>
<subfield code="k">0</subfield>
</datafield>
</record>
